@inproceedings{NN,
  author    = {Albariqi, Rahmat and Winarko, Edi},
  booktitle = {2020 International Conference on Smart Technology and Applications (ICoSTA)},
  title     = {Prediction of Bitcoin Price Change using Neural Networks},
  year      = {2020},
  volume    = {},
  number    = {},
  pages     = {1-4},
  doi       = {10.1109/ICoSTA48221.2020.1570610936}
}

@inproceedings{OVERFIT,
  author = {Dubey, Akash},
  year   = {2016},
  month  = {01},
  pages  = {1-6},
  title  = {Gold price prediction using support vector regression and ANFIS models},
  doi    = {10.1109/ICCCI.2016.7479929}
}

@inproceedings{TSA,
  author            = {Christina, Chintya and Umbara, Rian Febrian},
  book-group-author = {{IEEE}},
  title             = {{Gold Price Prediction Using Type-2 Neuro-Fuzzy Modeling and ARIMA}},
  booktitle         = {{2015 3rd International Conference on Information and Communication
   Technology (ICoICT)}},
  year              = {{2015}},
  pages             = {{272-277}},
  note              = {{3rd International Conference on Information and Communication Technology
   ICoICT, Bali, INDONESIA, MAY 27-29, 2015}},
  isbn              = {{978-1-4799-7752-9}},
  unique-id         = {{WOS:000380549200049}}
}

@inproceedings{INVESTOR,
  author            = {El Jebari, Ouael and Hakmaoui, Abdelati},
  book-group-author = {{IEEE}},
  title             = {{Are bitcoin investors overconfident? A FIEGARCH approach}},
  booktitle         = {{2018 IEEE International Conference on Technology Management, Operations and
                       Decisions}},
  series            = {{IEEE Vehicular Technology Conference Proceedings}},
  year              = {{2018}},
  pages             = {{43-48}},
  note              = {{IEEE International Conference on Technology Management, Operations and
                       Decisions (ICTMOD), Marrakech, MOROCCO, NOV 21-23, 2018}},
  organization      = {{IEEE}},
  issn              = {{1550-2252}},
  isbn              = {{978-1-5386-4315-0}},
  orcid-numbers     = {{El Jebari, Ouael/0000-0001-9058-2195}},
  unique-id         = {{WOS:000468841500008}}
}

@inproceedings{ML,
  author            = {Rane, Prachi Vivek and Dhage, Sudhir N.},
  book-group-author = {{IEEE}},
  title             = {{Systematic Erudition of Bitcoin Price Prediction using Machine Learning
   Techniques}},
  booktitle         = {{2019 5TH International Conference on Advanced Computing \& 
  
  Communication Systems}},
  series            = {{International Conference on Advanced Computing and Communication Systems}},
  year              = {{2019}},
  pages             = {{594-598}},
  note              = {{5th International Conference on Advanced Computing and Communication
   Systems (ICACCS), Coimbatore, INDIA, MAR 15-16, 2019}},
  issn              = {{2469-5556}},
  isbn              = {{978-1-5386-9533-3}},
  unique-id         = {{WOS:000477742500128}}
}

@inproceedings{LSTM,
  author               = {Li, Lun and Arab, Ali and Liu, Jiqiang and Liu, Jingxian and Han, Zhu},
  book-group-author    = {{IEEE}},
  title                = {{Bitcoin Options Pricing Using LSTM-based Prediction Model and Blockchain
                          Statistics}},
  booktitle            = {{2019 IEEE INTERNATIONAL CONFERENCE ON BLOCKCHAIN (BLOCKCHAIN 2019)}},
  year                 = {{2019}},
  pages                = {{67-74}},
  note                 = {{2nd IEEE International Conference on Blockchain (Blockchain), Atlanta,
                          GA, JUL 14-17, 2019}},
  organization         = {{IEEE; IEEE Tech Comm Scalable Comp; IEEE Comp Soc; IEEE Future Direct
                          Comm}},
  doi                  = {{10.1109/Blockchain.2019.00018}},
  isbn                 = {{978-1-7281-4693-5}},
  researcherid-numbers = {{Han, Zhu/ABG-1222-2021}},
  unique-id            = {{WOS:000528931600009}}
}

@article{LSTM2,
  author               = {Li, Yang and Zheng, Zibin and Dai, Hong-Ning},
  title                = {{Enhancing Bitcoin Price Fluctuation Prediction Using Attentive LSTM and
   Embedding Network}},
  journal              = {{APPLIED SCIENCES-BASEL}},
  year                 = {{2020}},
  volume               = {{10}},
  number               = {{14}},
  month                = {{JUL}},
  doi                  = {{10.3390/app10144872}},
  article-number       = {{4872}},
  eissn                = {{2076-3417}},
  researcherid-numbers = {{Dai, Hong-Ning/B-1931-2012
   Zheng, Zibin/E-3024-2014
   }},
  orcid-numbers        = {{Dai, Hong-Ning/0000-0001-6165-4196
   Zheng, Zibin/0000-0002-7878-4330
   Li, Yang/0000-0001-5653-1829}},
  unique-id            = {{WOS:000554102700001}}
}
